<?xml version="1.0" encoding="UTF-8" ?>
<marc:collection xmlns:marc="http://www.loc.gov/MARC21/slim" 
xmlns:xsi="http://www.w3.org/2001/XMLSchema-instance" 
xsi:schemaLocation="http://www.loc.gov/MARC21/slim 
http://www.loc.gov/standards/marcxml/schema/MARC21slim.xsd">
  <marc:record>
    <marc:leader>00000nam a2200421 c 4500</marc:leader>
    <marc:controlfield tag="007">cr |||||||||||</marc:controlfield>
    <marc:controlfield tag="007">tu</marc:controlfield>
    <marc:controlfield tag="008">      |2017    au      om    ||| |     u</marc:controlfield>
    <marc:datafield tag="040" ind1=" " ind2=" ">
      <marc:subfield code="a">UBG</marc:subfield>
      <marc:subfield code="b">ger</marc:subfield>
      <marc:subfield code="c">VL-WG-UBG</marc:subfield>
      <marc:subfield code="e">rda</marc:subfield>
    </marc:datafield>
    <marc:datafield tag="044" ind1=" " ind2=" ">
      <marc:subfield code="c">XA-AT</marc:subfield>
    </marc:datafield>
    <marc:datafield tag="100" ind1="1" ind2=" ">
      <marc:subfield code="a">Eggers, Reinmar</marc:subfield>
      <marc:subfield code="4">aut</marc:subfield>
    </marc:datafield>
    <marc:datafield tag="245" ind1="0" ind2="0">
      <marc:subfield code="a">Studies on Chlamydomonas reinhardtii: Cell Culture and Common Transformation Methods</marc:subfield>
    </marc:datafield>
    <marc:datafield tag="246" ind1="3" ind2="3">
      <marc:subfield code="a">Studies on Chlamydomonas reinhardtii: Cell Culture and Common Transformation Methods</marc:subfield>
    </marc:datafield>
    <marc:datafield tag="264" ind1=" " ind2="1">
      <marc:subfield code="a">Graz</marc:subfield>
      <marc:subfield code="c">2017</marc:subfield>
    </marc:datafield>
    <marc:datafield tag="336" ind1=" " ind2=" ">
      <marc:subfield code="b">txt</marc:subfield>
    </marc:datafield>
    <marc:datafield tag="337" ind1=" " ind2=" ">
      <marc:subfield code="b">n</marc:subfield>
    </marc:datafield>
    <marc:datafield tag="338" ind1=" " ind2=" ">
      <marc:subfield code="b">nc</marc:subfield>
    </marc:datafield>
    <marc:datafield tag="500" ind1=" " ind2=" ">
      <marc:subfield code="a">Arbeit an der Bibliothek noch nicht eingelangt - Daten nicht geprüft</marc:subfield>
    </marc:datafield>
    <marc:datafield tag="500" ind1=" " ind2=" ">
      <marc:subfield code="a">Abweichender Titel laut Übersetzung des Verfassers/der Verfasserin</marc:subfield>
    </marc:datafield>
    <marc:datafield tag="502" ind1=" " ind2=" ">
      <marc:subfield code="b">Masterarbeit</marc:subfield>
      <marc:subfield code="c">Karl-Franzens-Universität Graz</marc:subfield>
      <marc:subfield code="d">2017</marc:subfield>
    </marc:datafield>
    <marc:datafield tag="520" ind1=" " ind2=" ">
        <marc:subfield code="a">ger: Chlamydomonas reinhardtii ist eine einzellige Grünalge mit großem Potential für biotechnologische Anwendungen. Die derzeitige Forschung befasst sich vor allem mit der Erzeugung von Biodiesel, Fettsäuren und biologisch aktiven Substanzen. Eine große Anzahl an Stämmen ist erhältlich, inklusive zellwandlosen oder solchen Stämmen, die nicht zur Photosynthese befähigt sind. Diese Stämme können in der Forschung, zum Beispiel für gentechnische Ansätze eingesetzt werden, allerdings besteht ein großer Bedarf an deren Charakterisierung. Gegenwärtige Protokolle zur Kultivierung unterscheiden sich stark in der Verwendung unterschiedlicher Medien, sowie der Angabe von Lichtintensität, Belichtungsdauer und Temperatur. In dieser Arbeit wurden die Stämme CC-125, CC-621, CC-849 und CC-4147 in Flüssigkulturen kultiviert und das Wachstum mithilfe der optischen Dichte bei 750 nm dokumentiert. Die Stämme wurden gepaart und gekreuzt und entscheidende Stadien fotographisch festgehalten. Verschiedene Transformationsansätze wurden getestet, um rekombinante DNS stabil in das Kern- und Chloroplastengenom zu integrieren. Agrobacterium-vermittelter Gentransfer wurde erfolgreich ausgeführt, um eine Hygromycinphosphotranferase als Selektionsmarker zu integrieren. Transformation mithilfe von Glassperlen stellte die Photosynthesefunktion im Photosynthese-defizienten Stamm CC-4147 her. Elektroporationsansätze lieferten Transformanten mithilfe des MicroPulser Elektroporationsapparats, dies könnte eine Erstbeschreibung einer erfolgreichen Chloroplastentransformation sein, die sich dieser Methode bedient.</marc:subfield>
    </marc:datafield>
    <marc:datafield tag="520" ind1=" " ind2=" ">
      <marc:subfield code="a">eng: Chlamydomonas reinhardtii is an unicellular green algae with a high potential for biotechnological appliances. Current research focusses on production of biofuels, fatty acids and capability of production of bioactive compounds. A high number of strains is available, including cell-wall less and photosynthesis-deficient strains. Those strains can be employed for research purposes, such as genetic approaches, however there is a strong need for characterization of each individual strain. Present cell culture protocols greatly vary in use of media, light intensities and lightning periods used, as well as temperature regime. In this work, Chlamydomonas strains CC-125, CC-621, CC-849 and CC-4147 were grown in liquid cultures and growth was documented using optical density at 750 nm as a growth parameter. Strains were mated as well as crossed and distinct stages of the vegetative and sexual life cycle were microscopically documented. Different approaches for transformation of Chlamydomonas were used in order to stably integrate recombinant DNA into the nuclear as well as chloroplast genome. Agrobacterium- mediated gene transfer was successfully carried out, using the hygromycinphosphotransferase gene as a selectable marker. Transformation in the presence of glass beads yielded chloroplast transformants restoring photosynthetic function in the photosystem II D1 protein deletion strain CC-4147. Electroporation approaches yielded transformants using the MicroPulser electroporation apparatus, which may be the first – time execution of chloroplast transformation of Chlamydomonas using this method.</marc:subfield>
    </marc:datafield>
    <marc:datafield tag="655" ind1=" " ind2="7">
      <marc:subfield code="a">Hochschulschrift</marc:subfield>
      <marc:subfield code="0">(DE-588)4113937-9</marc:subfield>
      <marc:subfield code="2">gnd-content</marc:subfield>
    </marc:datafield>
    <marc:datafield tag="700" ind1="1" ind2=" ">
      <marc:subfield code="4">aut</marc:subfield>
    </marc:datafield>
    <marc:datafield tag="751" ind1=" " ind2=" ">
      <marc:subfield code="a">Graz</marc:subfield>
      <marc:subfield code="0">(DE-588)4021912-4</marc:subfield>
      <marc:subfield code="4">uvp</marc:subfield>
      <marc:subfield code="2">gnd</marc:subfield>
    </marc:datafield>
    <marc:datafield tag="856" ind1="4" ind2=" ">
      <marc:subfield code="u">https://it013179.pers.ad.uni-graz.at:7090/Nawi/f750dc38960c6898556580ad365bf32e.pdf</marc:subfield>
      <marc:subfield code="x">UBG</marc:subfield>
      <marc:subfield code="3">Volltext</marc:subfield>
    </marc:datafield>
    <marc:datafield tag="970" ind1="2" ind2=" ">
      <marc:subfield code="d">HS-MASTER</marc:subfield>
    </marc:datafield>
    <marc:datafield tag="971" ind1="1" ind2=" ">
      <marc:subfield code="a">Müller, Maria</marc:subfield>
    </marc:datafield>
    <marc:datafield tag="971" ind1="3" ind2=" ">
      <marc:subfield code="a">2017-11</marc:subfield>
    </marc:datafield>
    <marc:datafield tag="971" ind1="5" ind2=" ">
      <marc:subfield code="a">Universität Graz</marc:subfield>
      <marc:subfield code="b">Naturwissenschaftliche Fakultät</marc:subfield>
      <marc:subfield code="c">Institut für Pflanzenwissenschaften</marc:subfield>
      <marc:subfield code="0">vls-obvugr-196515</marc:subfield>
    </marc:datafield>
    <marc:datafield tag="974" ind1="0" ind2="s">
      <marc:subfield code="F">030</marc:subfield>
      <marc:subfield code="A">a|1urr|||||17</marc:subfield>
    </marc:datafield>
    <marc:datafield tag="974" ind1="0" ind2="s">
      <marc:subfield code="F">050</marc:subfield>
      <marc:subfield code="A">a|a|||||g|||||</marc:subfield>
    </marc:datafield>
    <marc:datafield tag="974" ind1="0" ind2="s">
      <marc:subfield code="F">051</marc:subfield>
      <marc:subfield code="A">mu||||||</marc:subfield>
    </marc:datafield>
  </marc:record>
</marc:collection>
